
@inproceedings{kervegan_marque_2023,
	location = {Genève, Switzerland},
	title = {``La marque du lieu'' dans le ``quartier Richelieu''},
	url = {https://hal.science/hal-04108218},
	series = {Géographie},
	booktitle = {Humanistica 2023},
	publisher = {Humanistica, l'association francophone des humanités numériques},
	author = {Kervegan, Paul and Duvette, Charlotte and Jeanson, Loïc and Prudhomme, Colin and Gain, Justine and Dasilva, Esther and Baranger, Louise},
	urldate = {2024-02-28},
	date = {2023-06},
	keywords = {Cartographie, Paris, Cartography, Histoire de la ville, History of cities, Iconographie, Iconography},
}

@inproceedings{duvette_culture_2024,
	location = {Meknès, Maroc},
	title = {Culture visuelle et questions d'échelle. Modéliser un ensemble monumental en milieu urbain à partir de ses représentations},
	eventtitle = {Humanistica},
	booktitle = {Humanistica 2024},
	publisher = {Humanistica, l'association francophone des humanités numériques},
	author = {Duvette, Charlotte and Kervegan, Paul},
	date = {2024},
}

@misc{christensen_projet_2022,
	title = {Projet Exposition Universelle de 1878},
	url = {https://htr-united.github.io/share.html?uri=2c673f312},
	author = {Christensen, Kelly and Davoury, Baudoin and Haedo, Anahi and Kervegan, Paul and Sanchez-Oeconomo, Esteban},
	urldate = {2023-12-11},
	date = {2022-01},
	doi = {10.5281/zenodo.6126447},
}
