@dataset{christensenProjetExpositionUniverselle2022,
  title = {Projet {{Exposition Universelle}} de 1878},
  author = {Christensen, Kelly and Davoury, Baudoin and Haedo, Anahi and Kervegan, Paul and Sanchez-Oeconomo, Esteban},
  date = {2022-01},
  doi = {10.5281/zenodo.6126447},
  url = {https://htr-united.github.io/share.html?uri=2c673f312},
  urldate = {2023-12-11}
}

@inproceedings{duvetteCultureVisuelleQuestions2024,
  title = {Culture Visuelle et Questions d'échelle. {{Modéliser}} Un Ensemble Monumental En Milieu Urbain à Partir de Ses Représentations},
  booktitle = {Humanistica 2024},
  author = {Duvette, Charlotte and Kervegan, Paul},
  date = {2024},
  publisher = {Humanistica, l'association francophone des humanités numériques},
  location = {Meknès, Maroc},
  url = {https://hal.science/hal-04554986v1},
  urldate = {2024-04-29}
}

@inproceedings{kerveganMarqueLieuDans2023,
  title = {``{{La}} Marque Du Lieu'' Dans Le ``quartier {{Richelieu}}''},
  booktitle = {Humanistica 2023},
  author = {Kervegan, Paul and Duvette, Charlotte and Jeanson, Loïc and Prudhomme, Colin and Gain, Justine and Dasilva, Esther and Baranger, Louise},
  date = {2023-06},
  series = {Géographie},
  publisher = {Humanistica, l'association francophone des humanités numériques},
  location = {Genève, Switzerland},
  url = {https://hal.science/hal-04108218},
  urldate = {2024-02-28},
  keywords = {Cartographie,Cartography,Histoire de la ville,History of cities,Iconographie,Iconography,Paris}
}
