
@inproceedings{duvette_projet_2023,
	title = {Le projet “Richelieu. Histoire du quartier”},
	eventtitle = {Ateliers de l'{INHA}},
	booktitle = {Ateliers de l'{INHA}},
	author = {Duvette, Charlotte and Kervegan, Paul and Gain, Justine and Baranger, Louise and Prudhomme, Colin and Dasilva, Esther},
	date = {2023-04-03},
	note = {Place: Paris, France},
}

@inproceedings{duvette_chapeliers_2023,
	title = {Chapeliers, architectes, nouveautés : géo-analyse des activités visibles et invisibles d’un quartier},
	url = {https://soduco.geohistoricaldata.org/soduco_bnf_seminars/},
	booktitle = {Res(t)ituer les annuaires commerciaux et les évolutions de l’espace Parisien du {XIXe} siècle. Partager l’expérience et les ressources du programme {ANR} {SoDUCo}},
	author = {Duvette, Charlotte and Kervegan, Paul},
	urldate = {2024-04-01},
	date = {2023-11-06},
	note = {Place: Paris, France},
}

@inproceedings{kervegan_modeliser_2023,
	title = {Modéliser et représenter un lieu dans les humanités numériques : regards croisés},
	url = {https://www.inha.fr/fr/recherche/programmation-scientifique/en-2023-2024/etudier-la-ville-un-dialogue-entre-pratiques-numeriques-et-histoire-de-l-art.html},
	eventtitle = {Séminaire Étudier la ville : un dialogue entre pratiques numériques et histoire de l’art (séminaire mensuel du projet Richelieu)},
	booktitle = {Séminaire Étudier la ville : un dialogue entre pratiques numériques et histoire de l’art (séminaire mensuel du projet Richelieu)},
	author = {Kervegan, Paul and Prudhomme, Colin and Moreux, Jean-Philippe},
	urldate = {2024-04-29},
	date = {2023-11-07},
	note = {Place: Paris, France},
}

@inproceedings{kervegan_cartographie_2023,
	title = {De la cartographie au Web design : quelles formes pour restituer la matérialité des sources et l’évolution urbaine},
	url = {https://www.inha.fr/fr/recherche/programmation-scientifique/en-2023-2024/etudier-la-ville-un-dialogue-entre-pratiques-numeriques-et-histoire-de-l-art.html},
	eventtitle = {Séminaire Étudier la ville : un dialogue entre pratiques numériques et histoire de l’art (séminaire mensuel du projet Richelieu)},
	booktitle = {Séminaire Étudier la ville : un dialogue entre pratiques numériques et histoire de l’art (séminaire mensuel du projet Richelieu)},
	author = {Kervegan, Paul and Carius, Jean-Christophe and Gastaldi, Nadine},
	urldate = {2024-04-29},
	date = {2023-12-05},
	note = {Place: Paris, France},
}

@inproceedings{duvette_richdata_nodate,
	title = {Rich.Data : un dialogue entre pratiques numériques et histoire de l’art},
	url = {http://www.sciences-patrimoine.org/fsp-evenement-10-ans/},
	eventtitle = {La Fondation des sciences du patrimoine fête ses 10 ans à la Philharmonie de Paris !},
	booktitle = {La Fondation des sciences du patrimoine fête ses 10 ans à la Philharmonie de Paris !},
	author = {Duvette, Charlotte and Kervegan, Paul},
	urldate = {2023-12-11},
	note = {Place: Paris, France},
}

@inproceedings{duvette_richelieu_2024,
	title = {Richelieu. Histoire du quartier, a digital ecosystem for the analysis of the urban experience through historical source},
	eventtitle = {{DHAI}: Digital humanities and artificial intelligence},
	booktitle = {{DHAI}: Digital humanities and artificial intelligence},
	author = {Duvette, Charlotte and Kervegan, Paul},
	date = {2024-04-02},
	note = {Place: Paris, France},
}

@article{kervegan_projet_2024,
	title = {Le projet Richelieu - Histoire du quartier},
	url = {https://zenodo.org/doi/10.5281/zenodo.10964202},
	doi = {10.5281/ZENODO.10964202},
	abstract = {Cette présentation a été réalisée lors du webinaire du jeudi 28 mars 2024, organisé par le {GTSO} Données de Couperin. Lors de ce webinaire, Réutiliser des données, ils et elles l'ont fait ! Paroles de lauréats du prix Science Ouverte données de la recherche, 4 lauréats et lauréates du prix Science Ouverte des données de la recherche, mention « réutilisation de données » sont revenus sur leur projet et sur la manière dont la mise à disposition de jeux de données ouverts par d’autres ont permis de donner naissance à de nouveaux projets de recherche. https://gtsodataweb8.sciencesconf.org/ L’enregistrement est disponible ici : https://www.youtube.com/watch?v={MZtkSzEnG}34},
	author = {Kervegan, Paul and Duvette, Charlotte},
	urldate = {2024-04-24},
	date = {2024-04-12},
	keywords = {annotation, données de recherche, patrimoine, réutilisation, science ouverte},
	annotation = {Publisher: [object Object]},
}
